%% -*- mode: BibTeX -*-
%%

%%%%%%%%%%%%%%%%%%%%%%%%%%%%%%%%%%%%%%%%%%%%%%%%%%%%%%%%%%%%%%%%%%%%%%%%%%%%%%%




@Misc{powderweb,
  OPTkey = 	 {},
  OPTauthor = 	 {},
  title =	 "{Powder (the Platform for Open Wireless Data-driven Experimental Research)}",
  howpublished = {\url{https://powderwireless.net}},
  OPTmonth = 	 {},
  OPTyear = 	 {},
  OPTnote = 	 {},
  OPTannote = 	 {}
}

@Misc{paper_profile,
  OPTkey = 	 {},
  author =	 {Jose Monterroso and Jacobus {Van der Merwe} and Kirk Webb and Gary Wong},
  title =	 {POWDER profile - Using the POWDER platform for RF propagation validation},
  howpublished = {\url{https://www.powderwireless.net/p/PowderProfiles/rf-propagation}},
  OPTmonth = 	 {},
  year =	 {2021},
  OPTnote = 	 {},
  OPTannote = 	 {}
}

@Misc{sc2,
  OPTkey = 	 {},
  author =	 {DARPA},
  title =	 "{Spectrum Collaborative Challange -- Using AI to unlock the true potential of the RF spectrum}",
  howpublished = {\url{https://www.spectrumcollaborationchallenge.com}},
  OPTmonth = 	 {},
  OPTyear = 	 {},
  OPTnote = 	 {},
  OPTannote = 	 {}
}

@Misc{fcc_cbrs,
  OPTkey = 	 {},
  author =	 "{Federal Communications Commission (FCC)}",
  title =	 "{3.5 GHz Band Overview}",
  howpublished = {\url{https://www.fcc.gov/wireless/bureau-divisions/mobility-division/35-ghz-band/35-ghz-band-overview}},
  OPTmonth = 	 {},
  OPTyear = 	 {},
  OPTnote = 	 {},
  OPTannote = 	 {}
}

@Misc{nsf_nrdz,
  OPTkey = 	 {},
  author =	 "{National Science Foundation}",
  title =	 "{Dear Colleague Letter: Supplemental Funding Opportunity to explore feasibility of National Radio Dynamic Zones (NRDZ)}",
  howpublished = {\url{https://www.nsf.gov/pubs/2020/nsf20079/nsf20079.jsp}},
  OPTmonth = 	 {},
  OPTyear = 	 {},
  OPTnote = 	 {},
  OPTannote = 	 {}
}

%%% POWDER
@inproceedings{b1,
  author =       "J. Breen and others",
  title =        "{POWDER}: Platform for Open Wireless Data-driven Experimental
                  Research",
  booktitle =    "Proceedings of the 14th International Workshop on Wireless
                  Network Testbeds, Experimental Evaluation and
                  Characterization (WiNTECH)",
  year =         2020,
  month =        sep,
  doi =          "10.1145/3411276.3412204",
  note          = "in press"
}

%%% SHOUT
@electronic{b2,
  author        = "Kirk Webb",
  title         = "Shout Measurements Framework",
  url           = "https://gitlab.flux.utah.edu/powderrenewpublic/shout.git",
  year          = "2019"
}

%%% SPLAT
@electronic{b3,
  author        = "John Magliacane",
  title         = "SPLAT! is an RF Signal Propagation, Loss, And Terrain analysis tool for electromagnetic spectrum between 20 MHz and 20 GHz",
  url           = "https://www.qsl.net/kd2bd/splat.html",
  year          = "2019"
}

%%% Educational Simulation
@article{b4,
  author        = "A. Bjelopera and M. Kajinic and E. Dumic",
  title             = "Educational Simulation Tools for Radio Wave Propagation Models",
  journal        = "International Journal of Education and Information Technologies",
  volume       = "13",
  year            = "2019",
  pages         = "73-78",
  note            = "in press"
}

%%% pathlossmodels

@Misc{b5,
  OPTkey = 	 {},
  author =	 "{Neal Patwari}",
  title =	 "{POWDER-RENEW - Mobile and Wireless Week 2019, Presentation Notes}",
  howpublished = {\url{https://gitlab.flux.utah.edu/powderrenewpublic/
  mww2019/blob/master/MWW2019\_Presentation\_Neal.pdf}},
  month =	 {October},
  year =	 {2019},
  OPTnote = 	 {},
  OPTannote = 	 {}
}


%%% comparisonof
@article{b6,
  author        = "S. Kasamaplis and P. Lazaridis and Z. Zaharis and A. Bizopoulos and S. Zettas and J. Cosmas",
  title             = "Comparison of Longley-Rice, ITM and ITWOM propagation models for DTV and FM Broadcasting",
  journal        = "International Symposium on Wireless Personal Multimedia Communications",
  year            = "2017",
  note            = "in press"
}

%%% jeremyclark
@misc{b7,
  author     = "Jeremy Clark",
  title         =  "Telecommunications Navigation and Electronics",
  year          = "2020",
  note          = "unpublished"
}

%%% pathloss
@article{b8,
  author        = "S. Sun and T. Thomas and T. Rappaport and H. Nguyen and I. Kovacs and I. Rodriquez",
  title             = "Path Loss, Shadow Fading and Line-of-sight Probability Models for 5G Urban Macro-Cellular Scenarios",
  journal        = "IEEE Globecom Workshops",
  year            = "2015",
  note            = "in press"
}

%%% modelingand
@article{b9,
  author        = "C. Zhou and R. Jacksha",
  title             = "Modeling and Measurement of Radio Propagation in Tunnel Environments",
  journal        = "IEEE Antennas and Wireless Propagation Letters",
  year            = "2016",
  pages         = "1431-1434",
  note            = "in press"
}

%%% directionalradio
@article{b10,
  author        = "A. Sulyman and A. Alwarafy and G. MacCartney and T. Rappaport and A. Alsanie",
  title             = "Directional Radio Propagation Path Loss Models for Millimeter-wave wireless Networks in the 28-, 60-, and 73-GHz Bands",
  journal        = "IEEE Transactions on Wireless Communication",
  year            = "2016",
  pages         = "6939-6947",
  note            = "in press"
}

%%% cloudrf
@misc{b11,
  author     = "Alex Farrant",
  title         =  "Cloud-RF is a user friendly service for modeling radio propagation",
  year          = "2020",
  note          = "unpublished"
}

%%% hybridRF
@article{b12,
  author        = "S. Watza and R. Rajasekaran and E. Frew",
  title             = "Hybrid RF Propagation Model using ITM and Gaussian Process for Communication-Aware Planning",
  journal        = "RSS 2017 Robot Communication in the Wild: Meeting the challenges of Real-world Systems",
  year            = "2017",
  note            = "in press"
}

%%% dttperformance
@article{b13,
  author        = "M. Denkovska and P. Latkoski and L. Gavrilovska",
  title             = "DTT performance degradation in presence of coexisting LTE network interference",
  journal        = "International Conference on Wireless Communication, Vehicular Technology, Information Theory and Aerospace \& Electronic Systems",
  year            = "2014",
  note            = "in press"
}

%%% heuristicalgorithm
@article{b14,
  author        = "K. Gronchla and K. Polys",
  title             = "Heuristic Algorithm for Gateway Location Selection in Large Scale LoRa Networks",
  journal        = "International Wireless Communications and Mobile Computing",
  year            = "2020",
  note            = "in press"
}

%%% asimulation
@article{b15,
  author        = "H. Aguiliar and H. Merino",
  title             = "A Simulation of an IoT-based Solution Using LoRaWAN for Remote Stations of Peruvian Navy",
  journal        = "IEEE Latin-American Conference on Communications",
  year            = "2019",
  note            = "in press"
}

%%% asimulation
@article{b16,
  author        = "V. Abhayawardhana and I. Wassell and D. Crosby and M. Sellars and M. Brown",
  title             = "Comparison of Empirical Propagation Path Loss Models for Fixed Wireless Access Systems",
  journal        = "IEEE 61st Vehicular Technology Conference",
  year            = "2005",
  note            = "in press"
}

%%%%%%%%%%%%%%%%%%%%%%%%%%%%%%%%%%%%%%%%%%%%%%%%%%%%%%%%%%%%%%%%%%%%%%%%%%%%%%%

%% End of file.
